<record><leader>00000cas a2200000 a 4500</leader><controlfield tag="001">9451620</controlfield><controlfield tag="008">830426d19181939iludr ne      0   a0eng c</controlfield><datafield ind1=" " ind2=" " tag="010"><subfield code="a">sn 83045401 </subfield></datafield><datafield ind1=" " ind2=" " tag="040"><subfield code="a">CRL</subfield><subfield code="b">eng</subfield><subfield code="c">CRL</subfield><subfield code="d">NPW</subfield><subfield code="d">NPY</subfield><subfield code="d">NPW</subfield><subfield code="d">DLC</subfield><subfield code="d">NVF</subfield><subfield code="d">KNP</subfield><subfield code="d">MGN</subfield><subfield code="d">NVF</subfield><subfield code="d">CNK</subfield><subfield code="d">NVF</subfield><subfield code="d">CVF</subfield><subfield code="d">NVF</subfield><subfield code="d">IUL</subfield><subfield code="d">NVF</subfield><subfield code="d">DLC</subfield><subfield code="d">NVF</subfield><subfield code="d">CRL</subfield><subfield code="d">OCLCO</subfield><subfield code="d">OCLCQ</subfield><subfield code="d">OCLCF</subfield><subfield code="d">NVF</subfield><subfield code="d">OCLCO</subfield><subfield code="d">CRL</subfield></datafield><datafield ind1=" " ind2=" " tag="042"><subfield code="a">pcc</subfield></datafield><datafield ind1=" " ind2=" " tag="043"><subfield code="a">n-us-il</subfield></datafield><datafield ind1="0" ind2="0" tag="050"><subfield code="a">Newspaper</subfield></datafield><datafield ind1="0" ind2="0" tag="245"><subfield code="a">Chicago herald and examiner.</subfield></datafield><datafield ind1="1" ind2=" " tag="246"><subfield code="i">Published on Sundays as:</subfield><subfield code="a">Sunday Chicago herald and examiner</subfield><subfield code="f">Sept. 11, 1938-1939</subfield></datafield><datafield ind1="1" ind2="0" tag="246"><subfield code="a">Herald and examiner</subfield></datafield><datafield ind1=" " ind2=" " tag="260"><subfield code="a">Chicago, Ill. :</subfield><subfield code="b">Illinois Pub. and Print. Co.,</subfield><subfield code="c">1918-1939.</subfield></datafield><datafield ind1=" " ind2=" " tag="300"><subfield code="a">v.</subfield></datafield><datafield ind1=" " ind2=" " tag="310"><subfield code="a">Daily</subfield></datafield><datafield ind1=" " ind2=" " tag="336"><subfield code="a">text</subfield><subfield code="b">txt</subfield><subfield code="2">rdacontent</subfield></datafield><datafield ind1=" " ind2=" " tag="337"><subfield code="a">unmediated</subfield><subfield code="b">n</subfield><subfield code="2">rdamedia</subfield></datafield><datafield ind1=" " ind2=" " tag="338"><subfield code="a">volume</subfield><subfield code="b">nc</subfield><subfield code="2">rdacarrier</subfield></datafield><datafield ind1="0" ind2=" " tag="362"><subfield code="a">37th year, no. 307 (May 2, 1918)-59th year, no. 20 (Aug. 27, 1939).</subfield></datafield><datafield ind1=" " ind2=" " tag="500"><subfield code="a">43rd year, no. 231 (Feb. 4, 1924) issue called also: "Extra."</subfield></datafield><datafield ind1=" " ind2=" " tag="515"><subfield code="a">Continues the numbering of Chicago herald (Chicago, Ill. : 1914).</subfield></datafield><datafield ind1=" " ind2=" " tag="515"><subfield code="a">Sunday issues have their own numbering.</subfield></datafield><datafield ind1=" " ind2=" " tag="530"><subfield code="a">Available on microfilm;</subfield><subfield code="b">Library of Congress, Photoduplication Service.</subfield></datafield><datafield ind1=" " ind2=" " tag="580"><subfield code="a">Formed by the union of: Chicago examiner and: Chicago herald (Chicago, Ill. : 1914).</subfield></datafield><datafield ind1=" " ind2=" " tag="580"><subfield code="a">Merged with: Chicago evening American (Chicago, Ill. : 1914), to form: Chicago herald American.</subfield></datafield><datafield ind1=" " ind2="0" tag="651"><subfield code="a">Chicago (Ill.)</subfield><subfield code="v">Newspapers.</subfield></datafield><datafield ind1=" " ind2="7" tag="651"><subfield code="a">Illinois</subfield><subfield code="z">Chicago.</subfield><subfield code="2">fast</subfield><subfield code="0">(OCoLC)fst01204048</subfield></datafield><datafield ind1=" " ind2="7" tag="655"><subfield code="a">Newspapers.</subfield><subfield code="2">fast</subfield><subfield code="0">(OCoLC)fst01423814</subfield></datafield><datafield ind1=" " ind2=" " tag="752"><subfield code="a">United States</subfield><subfield code="b">Illinois</subfield><subfield code="c">Cook</subfield><subfield code="d">Chicago.</subfield></datafield><datafield ind1="0" ind2="8" tag="776"><subfield code="i">Microfilm version:</subfield><subfield code="t">Chicago herald and examiner</subfield><subfield code="w">(OCoLC)9201906</subfield></datafield><datafield ind1="0" ind2="8" tag="776"><subfield code="i">Online version:</subfield><subfield code="t">Chicago herald and examiner</subfield><subfield code="w">(OCoLC)808842539</subfield></datafield><datafield ind1="1" ind2="4" tag="780"><subfield code="t">Chicago examiner</subfield><subfield code="w">(DLC)sn 85038326</subfield><subfield code="w">(OCoLC)12352230</subfield></datafield><datafield ind1="1" ind2="4" tag="780"><subfield code="t">Chicago herald (Chicago, Ill. : 1914)</subfield><subfield code="w">(DLC)sn 83045512</subfield><subfield code="w">(OCoLC)9593716</subfield></datafield><datafield ind1="1" ind2="7" tag="785"><subfield code="t">Chicago evening American (Chicago, Ill. : 1914)</subfield><subfield code="w">(DLC)sn 91055466</subfield><subfield code="w">(OCoLC)24631509</subfield></datafield><datafield ind1="1" ind2="7" tag="785"><subfield code="t">Chicago herald American</subfield><subfield code="w">(DLC)sn 82016037</subfield><subfield code="w">(OCoLC)9134712</subfield></datafield><datafield ind1="1" ind2=" " tag="029"><subfield code="a">AU@</subfield><subfield code="b">000041709400</subfield></datafield></record>